@Book{Cavalli,
title = { The history and geography of human genes },
author = {Cavalli-Sforza, Luigi Luca and Menozzi, Paolo and Piazza, Alberto},
publisher = { Princeton, N.J. : Princeton University Press },
year = { 1994 },
type = { Book}
}
@Article{vonLuxburg2007,
author={von Luxburg, Ulrike},
title={A tutorial on spectral clustering},
journal={Statistics and Computing},
year={2007},
volume={17},
number={4},
pages={395--416},
doi={10.1007/s11222-007-9033-z},
url={https://doi.org/10.1007/s11222-007-9033-z}
}
@article{lee2010,
author = "Lee, Ann B. and Luca, Diana and Roeder, Kathryn",
doi = "10.1214/09-AOAS281",
fjournal = "The Annals of Applied Statistics",
journal = "Ann. Appl. Stat.",
month = "03",
number = "1",
pages = "179--202",
publisher = "The Institute of Mathematical Statistics",
title = "A spectral graph approach to discovering genetic ancestry",
url = "https://doi.org/10.1214/09-AOAS281",
volume = "4",
year = "2010"
}
